@misc{ds2:uci,
author = {K. Bache and M. Lichman},
year = {2013},
title = {{UCI} Machine Learning Repository, First-order theorem proving},
note={\url{http://archive.ics.uci.edu/ml/datasets/First-order+theorem+proving}},
institution = {University of California, Irvine, School of Information and Computer Sciences} 
} 
@article{ds2:paper,
author = {James P. Bridge, Sean B. Holden and Lawrence C. Paulson},
title  = {Machine learning for first-order theorem proving: learning to select a good heuristic},
journal= {J. Autom. Reasoning},
year   = {2012/13},
note   = {submitted, not yet published}
}
@misc{ds1:uci,
author = {K. Bache and M. Lichman},
year = {2013},
title = {{UCI} Machine Learning Repository, Contraceptive Method Choice},
note={\url{http://archive.ics.uci.edu/ml/datasets/Contraceptive+Method+Choice}},
institution = {University of California, Irvine, School of Information and Computer Sciences} 
}
@misc{ds3:uci,
author = {K. Bache and M. Lichman},
year = {2013},
title = {{UCI} Machine Learning Repository, YouTube Comedy Slam Preference Data},
note={\url{http://archive.ics.uci.edu/ml/datasets/YouTube+Comedy+Slam+Preference+Data}},
institution = {University of California, Irvine, School of Information and Computer Sciences} 
}
