\section{References}
@Article{scikitstandardization,
author = {Sci-Kit Documentation},
title = {Standardization or mean removal and variance scaling}
}
